<record><leader>00000cas a2200000 a 4500</leader><controlfield tag="001">33859296</controlfield><controlfield tag="008">951206d18901uuufluwr ne      0    0eng c</controlfield><datafield ind1=" " ind2=" " tag="010"><subfield code="a">sn 95047377 </subfield></datafield><datafield ind1=" " ind2=" " tag="040"><subfield code="a">FUG</subfield><subfield code="b">eng</subfield><subfield code="c">FUG</subfield><subfield code="d">OCLCQ</subfield><subfield code="d">DLC</subfield><subfield code="d">OCLCQ</subfield><subfield code="d">OCLCF</subfield><subfield code="d">OCLCO</subfield></datafield><datafield ind1=" " ind2=" " tag="012"><subfield code="i">9512</subfield></datafield><datafield ind1="1" ind2=" " tag="029"><subfield code="a">AU@</subfield><subfield code="b">000025892440</subfield></datafield><datafield ind1=" " ind2=" " tag="042"><subfield code="a">pcc</subfield></datafield><datafield ind1=" " ind2=" " tag="043"><subfield code="a">n-us-fl</subfield></datafield><datafield ind1="0" ind2=" " tag="130"><subfield code="a">Coast gazette (Ormond, Fla.)</subfield></datafield><datafield ind1="1" ind2="4" tag="245"><subfield code="a">The coast gazette.</subfield></datafield><datafield ind1=" " ind2=" " tag="260"><subfield code="a">Ormond-on-the-Halifax, Fla. :</subfield><subfield code="b">F.A. Mann,</subfield><subfield code="c">1890-</subfield></datafield><datafield ind1=" " ind2=" " tag="300"><subfield code="a">v.</subfield></datafield><datafield ind1=" " ind2=" " tag="310"><subfield code="a">Weekly</subfield></datafield><datafield ind1="0" ind2=" " tag="362"><subfield code="a">Vol. 1, no. 1 (Mar. 20, 1890)-</subfield></datafield><datafield ind1=" " ind2=" " tag="500"><subfield code="a">"Hold the fort!"</subfield></datafield><datafield ind1=" " ind2=" " tag="588"><subfield code="a">Latest issue consulted: Vol. 3, no. 38 (Dec. 29, 1892).</subfield></datafield><datafield ind1=" " ind2="0" tag="651"><subfield code="a">Ormond (Fla.)</subfield><subfield code="v">Newspapers.</subfield></datafield><datafield ind1=" " ind2="0" tag="651"><subfield code="a">Volusia County (Fla.)</subfield><subfield code="v">Newspapers.</subfield></datafield><datafield ind1=" " ind2="7" tag="655"><subfield code="a">Newspapers.</subfield><subfield code="2">fast</subfield><subfield code="0">(OCoLC)fst01423814</subfield></datafield><datafield ind1=" " ind2="7" tag="651"><subfield code="a">Florida</subfield><subfield code="z">Ormond.</subfield><subfield code="2">fast</subfield><subfield code="0">(OCoLC)fst01274278</subfield></datafield><datafield ind1=" " ind2="7" tag="651"><subfield code="a">Florida</subfield><subfield code="z">Volusia County.</subfield><subfield code="2">fast</subfield><subfield code="0">(OCoLC)fst01204998</subfield></datafield><datafield ind1=" " ind2=" " tag="752"><subfield code="a">United States</subfield><subfield code="b">Florida</subfield><subfield code="c">Volusia</subfield><subfield code="d">Ormond.</subfield></datafield><datafield ind1="0" ind2="7" tag="785"><subfield code="t">Daytona news</subfield></datafield><datafield ind1="0" ind2="7" tag="785"><subfield code="t">Gazette-news (Daytona, Fla.)</subfield><subfield code="x">2151-5425</subfield><subfield code="w">(DLC)sn 95047378</subfield><subfield code="w">(OCoLC)1631490</subfield></datafield><datafield ind1=" " ind2=" " tag="850"><subfield code="a">FU</subfield></datafield></record>